@BOOK{1970hmfw.book.....A,
       author = {{Abramowitz}, M. and {Stegun}, I. A.},
        title = "{Handbook of mathematical functions: with formulas, graphs, and mathematical tables}",
booktitle = {Handbook of mathematical functions : with formulas, graphs, and mathematical tables, by Abramowitz, M., Stegun, I. A.:
            Government Printing Office, 1970},
         year = 1970,
       adsurl = {https://ui.adsabs.harvard.edu/abs/1970hmfw.book.....A},
      adsnote = {Provided by the SAO/NASA Astrophysics Data System}
}

@ARTICLE{1980Ap&SS..71..415C,
       author = {{Caimmi}, R.},
        title = "{Emden-Chandrasekhar Axisymmetric Solid-Body Rotating Polytropes - Part One - Exact Solutions for the Special Cases N=O, 1 and 5}",
      journal = {\apss},
     keywords = {Axisymmetric Bodies, Chandrasekhar Equation, Gravitational Fields, Polytropic Processes, Rotating Bodies, Solid State, Celestial Mechanics, Equilibrium Equations, Equipotentials, Inertia, Mass Distribution, Roche Limit, Surface Stability, Tables (Data), Astrophysics},
         year = 1980,
        month = aug,
       volume = {71},
       number = {2},
        pages = {415-457},
          doi = {10.1007/BF00639402},
       adsurl = {https://ui.adsabs.harvard.edu/abs/1980Ap&SS..71..415C},
      adsnote = {Provided by the SAO/NASA Astrophysics Data System}
}

@ARTICLE{1931ApJ....74...81C,
       author = {{Chandrasekhar}, S.},
        title = "{The Maximum Mass of Ideal White Dwarfs}",
      journal = {\apj},
         year = 1931,
        month = jul,
       volume = {74},
        pages = {81},
          doi = {10.1086/143324},
       adsurl = {https://ui.adsabs.harvard.edu/abs/1931ApJ....74...81C},
      adsnote = {Provided by the SAO/NASA Astrophysics Data System}
}

@ARTICLE{1933MNRAS..93..390C,
       author = {{Chandrasekhar}, S.},
        title = "{The equilibrium of distorted polytropes. I. The rotational problem}",
      journal = {\mnras},
         year = 1933,
        month = mar,
       volume = {93},
        pages = {390-406},
          doi = {10.1093/mnras/93.5.390},
       adsurl = {https://ui.adsabs.harvard.edu/abs/1933MNRAS..93..390C},
      adsnote = {Provided by the SAO/NASA Astrophysics Data System}
}

@BOOK{1969efe..book.....C,
       author = {{Chandrasekhar}, S.},
        title = "{Ellipsoidal figures of equilibrium}",
booktitle = {Ellipsoidal figures of equilibrium, by Chandrasekhar, S.:
            Yale University Press, 1969},
         year = 1969,
       adsurl = {https://ui.adsabs.harvard.edu/abs/1969efe..book.....C},
      adsnote = {Provided by the SAO/NASA Astrophysics Data System}
}

@BOOK{1926ics..book.....E,
       author = {{Eddington}, A.~S.},
        title = "{The Internal Constitution of the Stars}",
booktitle = {The Internal Constitution of the Stars, by Eddington, A.~S.:
            Cambridge University Press, 1926},
         year = 1926,
       adsurl = {https://ui.adsabs.harvard.edu/abs/1926ics..book.....E},
      adsnote = {Provided by the SAO/NASA Astrophysics Data System}
}

@BOOK{1907gask.book.....E,
       author = {{Emden}, R.},
        title = "{Gaskugeln:Anwendungen der mechanischen W\"armetheorie auf kosmologische und meteorologische Probleme}",
booktitle = {Gaskugeln:Anwendungen der mechanischen W\"armetheorie auf kosmologische und meteorologische Probleme, by Emden, R.:
            Leipzig, 1907},
         year = 1907,
       adsurl = {https://ui.adsabs.harvard.edu/abs/1907gask.book.....E},
      adsnote = {Provided by the SAO/NASA Astrophysics Data System}
}

@ARTICLE{1930MNRAS..91...63F,
       author = {{Fowler}, R.~H.},
        title = "{Emden's equation: The solutions of Emden's and similar differential equations}",
      journal = {\mnras},
         year = 1930,
        month = nov,
       volume = {91},
        pages = {63},
          doi = {10.1093/mnras/91.1.63},
       adsurl = {https://ui.adsabs.harvard.edu/abs/1930MNRAS..91...63F},
      adsnote = {Provided by the SAO/NASA Astrophysics Data System}
}

@ARTICLE{1964ApJ...140..552J,
       author = {{James}, R.~A.},
        title = "{The Structure and Stability of Rotating Gas Masses}",
      journal = {\apj},
         year = 1964,
        month = aug,
       volume = {140},
        pages = {552},
          doi = {10.1086/147949},
       adsurl = {https://ui.adsabs.harvard.edu/abs/1964ApJ...140..552J},
      adsnote = {Provided by the SAO/NASA Astrophysics Data System}
}

@ARTICLE{2017MNRAS.467.4965K,
       author = {{Knopik}, J. and {Mach}, P. and {Odrzywo{\l}ek}, A.},
        title = "{The shape of a rapidly rotating polytrope with index unity}",
      journal = {\mnras},
     keywords = {planets and satellites: interiors, stars: rotation, Astrophysics - Solar and Stellar Astrophysics, Astrophysics - Earth and Planetary Astrophysics},
         year = 2017,
        month = jun,
       volume = {467},
       number = {4},
        pages = {4965-4969},
          doi = {10.1093/mnras/stx164},
       adsurl = {https://ui.adsabs.harvard.edu/abs/2017MNRAS.467.4965K},
      adsnote = {Provided by the SAO/NASA Astrophysics Data System}
}

@ARTICLE{2015MNRAS.448..456K,
       author = {{Kong}, D. and {Zhang}, K. and {Schubert}, G.},
        title = "{An exact solution for arbitrarily rotating gaseous polytropes with index unity}",
      journal = {\mnras},
     keywords = {planets and satellites: gaseous planets, planets and satellites: interiors, stars: interiors},
         year = 2015,
        month = mar,
       volume = {448},
       number = {1},
        pages = {456-463},
          doi = {10.1093/mnras/stu2759},
       adsurl = {https://ui.adsabs.harvard.edu/abs/2015MNRAS.448..456K},
      adsnote = {Provided by the SAO/NASA Astrophysics Data System}
}

@ARTICLE{1937ZA.....14..135K,
       author = {{Kopal}, Z.},
        title = "{Bemerkung zur Theorie der rotierenden Polytropen}",
      journal = {\zap},
         year = 1937,
        month = jan,
       volume = {14},
        pages = {135},
       adsurl = {https://ui.adsabs.harvard.edu/abs/1937ZA.....14..135K},
      adsnote = {Provided by the SAO/NASA Astrophysics Data System}
}

@ARTICLE{1870AmJS...50...57L,
       author = {{Lane}, H.~J.},
        title = "{On the theoretical temperature of the Sun, under the hypothesis of a gaseous mass maintaining its volume by its internal heat, and depending on the laws of gases as known to terrestrial experiment}",
      journal = {American Journal of Science},
         year = 1870,
        month = jul,
       volume = {50},
       number = {148},
        pages = {57-74},
          doi = {10.2475/ajs.s2-50.148.57},
       adsurl = {https://ui.adsabs.harvard.edu/abs/1870AmJS...50...57L},
      adsnote = {Provided by the SAO/NASA Astrophysics Data System}
}

@ARTICLE{1965Obs....85..166M,
       author = {{McNally}, D.},
        title = "{The distribution of angular momentum among main sequence stars}",
      journal = {The Observatory},
         year = 1965,
        month = aug,
       volume = {85},
        pages = {166-169},
       adsurl = {https://ui.adsabs.harvard.edu/abs/1965Obs....85..166M},
      adsnote = {Provided by the SAO/NASA Astrophysics Data System}
}

@ARTICLE{1923MNRAS..83..118M,
       author = {{Milne}, E.~A.},
        title = "{The equilibrium of a rotating star}",
      journal = {\mnras},
         year = 1923,
        month = jan,
       volume = {83},
        pages = {118-147},
          doi = {10.1093/mnras/83.3.118},
       adsurl = {https://ui.adsabs.harvard.edu/abs/1923MNRAS..83..118M},
      adsnote = {Provided by the SAO/NASA Astrophysics Data System}
}

@ARTICLE{1965MNRAS.131...13M,
       author = {{Monaghan}, J.~J. and {Roxburgh}, I.~W.},
        title = "{The structure of rapidly rotating polytropes}",
      journal = {\mnras},
         year = 1965,
        month = jan,
       volume = {131},
        pages = {13},
          doi = {10.1093/mnras/131.1.13},
       adsurl = {https://ui.adsabs.harvard.edu/abs/1965MNRAS.131...13M},
      adsnote = {Provided by the SAO/NASA Astrophysics Data System}
}

@ARTICLE{2010JPS.14...4901V,
       author = {{Vavrukh}, M.~V. and {Smerechynskyi}, S.~V. and {Tyshko}, N.~L.},
        title = "{The microscopic parameters and the macroscopic characteristics of real degenerate dwarfs}",
      journal = {Journal of Physical Studies},
         year = 2010,
        month = nov,
       volume = {14},
        pages = {4901},
          doi = {10.30970/jps.14.4901}
}

@ARTICLE{2019MMC.6...153V,
       author = {{Vavrukh}, M.~V. and {Tyshko}, N.~L. and {Dzikovskyi}, D.~V. and {Stelmakh}, O.~M.},
        title = "{The self-consistent description of stellar equilibrium with axial rotation}",
      journal = {Mathematical Modeling and Computing},
         year = 2019,
        month = oct,
       volume = {6},
        pages = {153},
          doi = {10.23939/mmc2019.02.153}
}
